<record><leader>00000cas a2200000 a 4500</leader><controlfield tag="001">10847035</controlfield><controlfield tag="008">840615d18431870vtuwr ne      0    0eng d</controlfield><datafield ind1=" " ind2=" " tag="010"><subfield code="a">sn 84023241 </subfield></datafield><datafield ind1=" " ind2=" " tag="040"><subfield code="a">AQM</subfield><subfield code="b">eng</subfield><subfield code="c">AQM</subfield><subfield code="d">NPX</subfield><subfield code="d">NPU</subfield><subfield code="d">NPX</subfield><subfield code="d">DLC</subfield><subfield code="d">NVF</subfield><subfield code="d">NVN</subfield><subfield code="d">OCL</subfield><subfield code="d">NVN</subfield><subfield code="d">DLC</subfield><subfield code="d">OCLCQ</subfield><subfield code="d">OCLCA</subfield><subfield code="d">OCLCF</subfield></datafield><datafield ind1="1" ind2=" " tag="029"><subfield code="a">AU@</subfield><subfield code="b">000020335295</subfield></datafield><datafield ind1=" " ind2=" " tag="042"><subfield code="a">msc</subfield></datafield><datafield ind1=" " ind2=" " tag="043"><subfield code="a">n-us-vt</subfield></datafield><datafield ind1="0" ind2="0" tag="050"><subfield code="a">Newspaper</subfield></datafield><datafield ind1="0" ind2=" " tag="130"><subfield code="a">St. Albans messenger (Saint Albans, Vt. : 1843)</subfield></datafield><datafield ind1="1" ind2="0" tag="245"><subfield code="a">St. Albans messenger.</subfield></datafield><datafield ind1="3" ind2=" " tag="246"><subfield code="a">Saint Albans messenger</subfield></datafield><datafield ind1="1" ind2="3" tag="246"><subfield code="a">Messenger</subfield></datafield><datafield ind1=" " ind2=" " tag="260"><subfield code="a">St. Albans, Vt. :</subfield><subfield code="b">E.B. Whiting</subfield></datafield><datafield ind1=" " ind2=" " tag="300"><subfield code="a">volumes :</subfield><subfield code="b">illustrations (chiefly advertisements) ;</subfield><subfield code="c">54-65 cm</subfield></datafield><datafield ind1=" " ind2=" " tag="310"><subfield code="a">Weekly</subfield></datafield><datafield ind1=" " ind2=" " tag="336"><subfield code="a">text</subfield><subfield code="b">txt</subfield><subfield code="2">rdacontent</subfield></datafield><datafield ind1=" " ind2=" " tag="337"><subfield code="a">unmediated</subfield><subfield code="b">n</subfield><subfield code="2">rdamedia</subfield></datafield><datafield ind1=" " ind2=" " tag="338"><subfield code="a">volume</subfield><subfield code="b">nc</subfield><subfield code="2">rdacarrier</subfield></datafield><datafield ind1="1" ind2=" " tag="362"><subfield code="a">Began in 1843.</subfield><subfield code="z">Cf. Gregory, W. Amer. newspapers.</subfield></datafield><datafield ind1="1" ind2=" " tag="362"><subfield code="a">Ceased in 1870.</subfield><subfield code="z">Cf. Hist. of Franklin &amp; Grand Isle Counties, Vt., 1891.</subfield></datafield><datafield ind1=" " ind2=" " tag="500"><subfield code="a">Publishers: E.B. Whiting, &lt;1844&gt;-1860; Whiting &amp; Davis, &lt;1860&gt;.</subfield></datafield><datafield ind1=" " ind2=" " tag="500"><subfield code="a">"Whig."</subfield></datafield><datafield ind1=" " ind2=" " tag="500"><subfield code="a">Editors: E. Whiting; W. Davis; J. McLellan; W. Whiting; H. Parsons; A. Barnes.</subfield></datafield><datafield ind1=" " ind2=" " tag="580"><subfield code="a">Merged with: Vermont transcript to form: St. Albans messenger and transcript.</subfield></datafield><datafield ind1=" " ind2=" " tag="588"><subfield code="a">Description based on: Vol. 7, no. 313 (Dec. 6, 1843).</subfield></datafield><datafield ind1=" " ind2="0" tag="651"><subfield code="a">Saint Albans (Vt.)</subfield><subfield code="v">Newspapers.</subfield></datafield><datafield ind1=" " ind2="0" tag="651"><subfield code="a">Vermont</subfield><subfield code="v">Newspapers.</subfield></datafield><datafield ind1=" " ind2="7" tag="655"><subfield code="a">Newspapers.</subfield><subfield code="2">fast</subfield><subfield code="0">(OCoLC)fst01423814</subfield></datafield><datafield ind1=" " ind2="7" tag="651"><subfield code="a">Vermont.</subfield><subfield code="2">fast</subfield><subfield code="0">(OCoLC)fst01204305</subfield></datafield><datafield ind1=" " ind2="7" tag="651"><subfield code="a">Vermont</subfield><subfield code="z">Saint Albans.</subfield><subfield code="2">fast</subfield><subfield code="0">(OCoLC)fst01222426</subfield></datafield><datafield ind1="1" ind2=" " tag="700"><subfield code="a">Whiting, Enoch Bangs,</subfield><subfield code="d">1816-1898.</subfield></datafield><datafield ind1="1" ind2=" " tag="700"><subfield code="a">Davis, Wilbur P.</subfield></datafield><datafield ind1="1" ind2=" " tag="700"><subfield code="a">McLellan, J.</subfield></datafield><datafield ind1="1" ind2=" " tag="700"><subfield code="a">Whiting, William W.</subfield></datafield><datafield ind1="1" ind2=" " tag="700"><subfield code="a">Parsons, Henry C.</subfield></datafield><datafield ind1="1" ind2=" " tag="700"><subfield code="a">Barnes, Almont,</subfield><subfield code="d">-1918.</subfield></datafield><datafield ind1=" " ind2=" " tag="752"><subfield code="a">United States</subfield><subfield code="b">Vermont</subfield><subfield code="c">Franklin</subfield><subfield code="d">Saint Albans.</subfield></datafield><datafield ind1="0" ind2=" " tag="775"><subfield code="t">St. Albans daily messenger (Saint Albans, Vt. : 1861)</subfield><subfield code="w">(DLC)sn 85025239</subfield><subfield code="w">(OCoLC)11663440</subfield></datafield><datafield ind1="0" ind2=" " tag="775"><subfield code="t">St. Albans daily telegraph</subfield></datafield><datafield ind1="0" ind2=" " tag="775"><subfield code="t">St. Albans daily messenger (Saint Albans, Vt. : 1863)</subfield><subfield code="w">(DLC)sn 84023244</subfield><subfield code="w">(OCoLC)10818968</subfield></datafield><datafield ind1="0" ind2=" " tag="775"><subfield code="t">Vermont daily transcript</subfield><subfield code="x">2328-3556</subfield><subfield code="w">(DLC)sn 85025295</subfield><subfield code="w">(OCoLC)11663548</subfield></datafield><datafield ind1="0" ind2="0" tag="780"><subfield code="t">Franklin messenger (Saint Albans, Vt.)</subfield><subfield code="w">(DLC)sn 84023240</subfield><subfield code="w">(OCoLC)10846452</subfield></datafield><datafield ind1="1" ind2="7" tag="785"><subfield code="t">Vermont transcript</subfield><subfield code="w">(DLC)sn 84023246</subfield><subfield code="w">(OCoLC)10847221</subfield></datafield><datafield ind1="1" ind2="7" tag="785"><subfield code="t">St. Albans messenger and transcript</subfield><subfield code="w">(DLC)sn 84023242</subfield><subfield code="w">(OCoLC)10847087</subfield></datafield></record>